
    
    <marc:record>
        <marc:leader>11111nam a2200553ui 4500</marc:leader>
        <marc:controlfield tag="001">245-test002</marc:controlfield>
        <marc:datafield tag="245" ind1="0" ind2="0">
            <marc:subfield code="k">Letter,</marc:subfield>
            <marc:subfield code="f">1901 March 6,</marc:subfield>
            <marc:subfield code="b">Dublin, to Henrik Ibsen, Kristiana [Oslo].</marc:subfield>
        </marc:datafield>
    </marc:record>