
    
    <marc:record>
        <marc:leader>11111nam a2200553ui 4500</marc:leader>
        <marc:controlfield tag="001">245-test003</marc:controlfield>
        <marc:datafield tag="245" ind1="1" ind2="4">
            <marc:subfield code="a">The Shakespeare enigma :</marc:subfield>
            <marc:subfield code="b">[unravelling the story of the two poets] /</marc:subfield>
            <marc:subfield code="c">Peter Dawkins ; [foreword by Mark Rylance].</marc:subfield>
        </marc:datafield>
    </marc:record>