
    
    <marc:record>
        <marc:leader>11111nam a2200553ui 4500</marc:leader>
        <marc:controlfield tag="001">245-test004</marc:controlfield>
        <marc:datafield tag="245" ind1="0" ind2="0">
            <marc:subfield code="a">Cavendish and Shakespeare :</marc:subfield>
            <marc:subfield code="b">interconnections /</marc:subfield>
            <marc:subfield code="c">edited by Katherine Romack [and] James Fitzmaurice.</marc:subfield>
        </marc:datafield>
    </marc:record>