
    
    <marc:record>
        <marc:leader>11111nam a2200553ui 4500</marc:leader>
        <marc:controlfield tag="001">245-test005</marc:controlfield>
        <marc:datafield tag="245" ind1="1" ind2="4">
            <marc:subfield code="a">Der Dey von Elba in Paris :</marc:subfield>
            <marc:subfield code="b">Sendschreiben des Thürmers in der Hauptstadt an seinen Vetter Andres : Faksmilie [that is Faksimile] des Erstdrucks /</marc:subfield>
            <marc:subfield code="c">herausgegeben und kommentiert von Wulf Segebrecht.</marc:subfield>
        </marc:datafield>
    </marc:record>