
    
    
    <marc:record>
        <marc:leader>11111nam a2200553ui 4500</marc:leader>
        <marc:controlfield tag="001">245-test006</marc:controlfield>
        <marc:datafield tag="245" ind1="1" ind2="0">
            <marc:subfield code="a">Sonnett für Wien :</marc:subfield>
            <marc:subfield code="b">[songs of Erich Korngold].</marc:subfield>
        </marc:datafield>
    </marc:record>