
    
    <marc:record>
        <marc:leader>11111nam a2200553ui 4500</marc:leader>
        <marc:controlfield tag="001">245-test007</marc:controlfield>
        <marc:datafield tag="245" ind1="0" ind2="0">
            <marc:subfield code="a">Hamlet [2009] /</marc:subfield>
            <marc:subfield code="c">the Royal Shakespeare Company ; producers, John Wyver, Sebastian Grant ; director, Gregory Doran ; Illuminations, RSC for BBC.</marc:subfield>
        </marc:datafield>
    </marc:record>