
    
    <marc:record>
        <marc:leader>11111nam a2200553ui 4500</marc:leader>
        <marc:controlfield tag="001">245-test008</marc:controlfield>
        <marc:datafield tag="245" ind1="1" ind2="4">
            <marc:subfield code="a">The others raisd [sic] in me :</marc:subfield>
            <marc:subfield code="b">150 readings of Sonnet 150 : a plunderverse project /</marc:subfield>
            <marc:subfield code="c">by Gregory Betts.</marc:subfield>
        </marc:datafield>
    </marc:record>