
    
    <marc:record>
        <marc:leader>11111nam a2200553ui 4500</marc:leader>
        <marc:controlfield tag="001">245-test009</marc:controlfield>
        <marc:datafield tag="245" ind1="1" ind2="0">
            <marc:subfield code="a">Ferdinand's Comfort :</marc:subfield>
            <marc:subfield code="b">for soprano, baritone and five instruments : [set of parts] /</marc:subfield>
            <marc:subfield code="c">[music by] Kaijia Saariaho ; [lyrics from The Tempest by William Shakespeare].</marc:subfield>
        </marc:datafield>
    </marc:record>