
    
    <marc:record>
        <marc:leader>11111nam a2200553ui 4500</marc:leader>
        <marc:controlfield tag="001">245-test010</marc:controlfield>
        <marc:datafield tag="245" ind1="1" ind2="0">
            <marc:subfield code="a">'Message in a mobile'</marc:subfield>
            <marc:subfield code="h">[electronic resource] =</marc:subfield>
            <marc:subfield code="b">[Risālah fī jawāl] = Risaala fi jawaal : mixed-messages, tales of missing and mobile communities at the University of Khatroum /</marc:subfield>
            <marc:subfield code="c">Siri Lamoureaux.</marc:subfield>
        </marc:datafield>
    </marc:record>