
    
    <marc:record>
        <marc:leader>11111nam a2200553ui 4500</marc:leader>
        <marc:controlfield tag="001">245-test011</marc:controlfield>
        <marc:datafield tag="245" ind1="1" ind2="0">
            <marc:subfield code="a">Lambe Latin :</marc:subfield>
            <marc:subfield code="b">tales of a mantua maker and her brother, from the South Sea Co. to the Merchant of Venice / [by Angela Lorenz].</marc:subfield>
        </marc:datafield>
    </marc:record>