
    
    <marc:record>
        <marc:leader>11111nam a2200553ui 4500</marc:leader>
        <marc:controlfield tag="001">245-test012</marc:controlfield>
        <marc:datafield tag="245" ind1="0" ind2="0">
            <marc:subfield code="a">Shinkansen[star]rs Metal Macbeth /</marc:subfield>
            <marc:subfield code="c">the original by William Shakespeare ; arrangement by Kankuro Kudo ; directed by Hidenori Inoue.</marc:subfield>
        </marc:datafield>
    </marc:record>