
    
    <marc:record>
        <marc:leader>11111nam a2200553ui 4500</marc:leader>
        <marc:controlfield tag="001">245-test013</marc:controlfield>
        <marc:datafield tag="245" ind1="1" ind2="0">
            <marc:subfield code="a">Kill Shakespeare.</marc:subfield>
            <marc:subfield code="n">[Volume 1],</marc:subfield>
            <marc:subfield code="p">A sea of troubles /</marc:subfield>
            <marc:subfield code="c">created and written by Conor McCreery and Anthony Del Col ; art by Andy Belanger ; colors by Ian Herring ; lettering by Chris Mowry, Robbie Robbins, and Neil Uyetake.</marc:subfield>
        </marc:datafield>
    </marc:record>