
    
    <marc:record>
        <marc:leader>11111nam a2200553ui 4500</marc:leader>
        <marc:controlfield tag="001">245-test014</marc:controlfield>
        <marc:datafield tag="245" ind1="1" ind2="0">
            <marc:subfield code="a">Narrenlieder :</marc:subfield>
            <marc:subfield code="b">nach Shakespeare &quot;Was ihr wollt&quot; : für Violincello [sic] solo, [1996/1997] /</marc:subfield>
            <marc:subfield code="c">Tilo Medek.</marc:subfield>
        </marc:datafield>
    </marc:record>