
    
    <marc:record>
        <marc:leader>11111nam a2200553ui 4500</marc:leader>
        <marc:controlfield tag="001">245-test015</marc:controlfield>
        <marc:datafield tag="245" ind1="1" ind2="0">
            <marc:subfield code="a">Stony brook sounding[s].</marc:subfield>
            <marc:subfield code="n">Vol. 1.</marc:subfield>
        </marc:datafield>
    </marc:record>