  
    
    <marc:record>
        <marc:leader>01299nam a2200349Ia 4500</marc:leader>
        <marc:controlfield tag="001">245-test016</marc:controlfield>
        <marc:datafield tag="245" ind1="1" ind2="0">
            <marc:subfield code="a">[Rhan o waith Mr. Rees Prichard ...</marc:subfield>
            <marc:subfield code="h">[electronic resource]</marc:subfield>
            <marc:subfield code="b">Some part of the works of Mr. Rees Prichard.]</marc:subfield>
        </marc:datafield>
    </marc:record>