  
    
    <marc:record>
        <marc:leader>01436cam a2200361 a 4500</marc:leader>
        <marc:controlfield tag="001">245-test018</marc:controlfield>
        <marc:datafield tag="245" ind1="1" ind2="0">
            <marc:subfield code="a">[New paintings by Franz Kline : </marc:subfield>
            <marc:subfield code="b">opening ... December 4 to December 30, 1961 : at Sidney Janis 15 East 57 N Y].</marc:subfield>
        </marc:datafield>
    </marc:record>