  
    
    <marc:record>
        <marc:leader>11111nam a2200553ui 4500</marc:leader>
        <marc:controlfield tag="001">245-test019</marc:controlfield>
        <marc:datafield tag="245" ind1="0" ind2="0">
            <marc:subfield code="a">Shakespeare lecture series.</marc:subfield>
            <marc:subfield code="p">Hamlet :</marc:subfield>
            <marc:subfield code="b">structure, speeches, and staging : [acts III-IV] /</marc:subfield>
            <marc:subfield code="c">produced by Bill Wisneski ; directed by Bill Wisneski and Chia Longtree.</marc:subfield>
        </marc:datafield>
    </marc:record>